<record><leader>00000cas a22000007a 4500</leader><controlfield tag="001">32305705</controlfield><controlfield tag="008">950414d18601860nyuwr ne      0    0eng d</controlfield><datafield ind1=" " ind2=" " tag="010"><subfield code="a">sn 95066096 </subfield></datafield><datafield ind1=" " ind2=" " tag="040"><subfield code="a">NVF</subfield><subfield code="b">eng</subfield><subfield code="c">NVF</subfield><subfield code="d">OCL</subfield><subfield code="d">OCLCQ</subfield><subfield code="d">OCLCG</subfield><subfield code="d">OCLCQ</subfield><subfield code="d">OCLCF</subfield><subfield code="d">OCLCO</subfield></datafield><datafield ind1=" " ind2=" " tag="042"><subfield code="a">msc</subfield></datafield><datafield ind1=" " ind2=" " tag="043"><subfield code="a">n-us---</subfield></datafield><datafield ind1="0" ind2="4" tag="245"><subfield code="a">The Ulster rail splitter.</subfield></datafield><datafield ind1=" " ind2=" " tag="260"><subfield code="a">Kingston, N.Y. :</subfield><subfield code="b">P. Harlow</subfield></datafield><datafield ind1=" " ind2=" " tag="300"><subfield code="a">v.</subfield></datafield><datafield ind1=" " ind2=" " tag="310"><subfield code="a">Weekly</subfield></datafield><datafield ind1="0" ind2=" " tag="362"><subfield code="a">No. 1 (Aug. 9, 1860)-</subfield></datafield><datafield ind1="1" ind2=" " tag="362"><subfield code="a">Ceased in 1860.</subfield></datafield><datafield ind1=" " ind2=" " tag="500"><subfield code="a">Newspaper for the presidential campaign of Abraham Lincoln in the election of 1860.</subfield></datafield><datafield ind1="1" ind2="0" tag="600"><subfield code="a">Lincoln, Abraham,</subfield><subfield code="d">1809-1865</subfield><subfield code="v">Newspapers.</subfield></datafield><datafield ind1="2" ind2="0" tag="610"><subfield code="a">Republican Party (N.Y.)</subfield><subfield code="v">Newspapers.</subfield></datafield><datafield ind1=" " ind2="0" tag="650"><subfield code="a">Campaign literature, 1860</subfield><subfield code="x">Republican</subfield><subfield code="z">United States</subfield><subfield code="v">Newspapers.</subfield></datafield><datafield ind1=" " ind2="0" tag="650"><subfield code="a">Presidential candidates</subfield><subfield code="z">United States</subfield><subfield code="v">Newspapers.</subfield></datafield><datafield ind1=" " ind2="7" tag="655"><subfield code="a">Newspapers.</subfield><subfield code="2">fast</subfield><subfield code="0">(OCoLC)fst01423814</subfield></datafield><datafield ind1="1" ind2="7" tag="600"><subfield code="a">Lincoln, Abraham,</subfield><subfield code="d">1809-1865.</subfield><subfield code="2">fast</subfield><subfield code="0">(OCoLC)fst00030184</subfield></datafield><datafield ind1="2" ind2="7" tag="610"><subfield code="a">Republican Party (N.Y.)</subfield><subfield code="2">fast</subfield><subfield code="0">(OCoLC)fst00579663</subfield></datafield><datafield ind1=" " ind2="7" tag="650"><subfield code="a">Campaign literature, 1860</subfield><subfield code="x">Republican.</subfield><subfield code="2">fast</subfield><subfield code="0">(OCoLC)fst01768608</subfield></datafield><datafield ind1=" " ind2="7" tag="650"><subfield code="a">Presidential candidates.</subfield><subfield code="2">fast</subfield><subfield code="0">(OCoLC)fst01075708</subfield></datafield><datafield ind1=" " ind2="7" tag="651"><subfield code="a">United States.</subfield><subfield code="2">fast</subfield><subfield code="0">(OCoLC)fst01204155</subfield></datafield><datafield ind1=" " ind2=" " tag="752"><subfield code="a">United States</subfield><subfield code="b">New York</subfield><subfield code="c">Ulster</subfield><subfield code="d">Kingston.</subfield></datafield></record>